@INPROCEEDINGS{2019AAS...23336317P,
       author = {{Polzin}, Ava and {Geller}, Aaron and {Miller}, Adam and
         {Breivik}, Katelyn},
        title = "{Exploring the Eclipsing Binary Yield of the Large Synoptic Survey Telescope}",
    booktitle = {American Astronomical Society Meeting Abstracts \#233},
         year = 2019,
       series = {American Astronomical Society Meeting Abstracts},
       volume = {233},
        month = jan,
          eid = {363.17},
        pages = {363.17},
       adsurl = {https://ui.adsabs.harvard.edu/abs/2019AAS...23336317P},
      adsnote = {Provided by the SAO/NASA Astrophysics Data System}
}

@ARTICLE{2018ApJ...854L...1B,
       author = {{Breivik}, Katelyn and {Kremer}, Kyle and {Bueno}, Michael and
         {Larson}, Shane L. and {Coughlin}, Scott and {Kalogera}, Vassiliki},
        title = "{Characterizing Accreting Double White Dwarf Binaries with the Laser Interferometer Space Antenna and Gaia}",
      journal = {\apjl},
     keywords = {accretion, accretion disks, astrometry, binaries: close, gravitational waves, methods: numerical, white dwarfs, Astrophysics - Solar and Stellar Astrophysics, Astrophysics - High Energy Astrophysical Phenomena, General Relativity and Quantum Cosmology},
         year = 2018,
        month = feb,
       volume = {854},
       number = {1},
          eid = {L1},
        pages = {L1},
          doi = {10.3847/2041-8213/aaaa23},
archivePrefix = {arXiv},
       eprint = {1710.08370},
 primaryClass = {astro-ph.SR},
       adsurl = {https://ui.adsabs.harvard.edu/abs/2018ApJ...854L...1B},
      adsnote = {Provided by the SAO/NASA Astrophysics Data System}
}

@PHDTHESIS{2018PhDT........74B,
       author = {{Breivik}, Katelyn},
        title = "{Simulating Binary Populations in the Milky Way}",
     keywords = {Astrophysics;Physics;Astronomy},
       school = {Northwestern University},
         year = 2018,
        month = jan,
       adsurl = {https://ui.adsabs.harvard.edu/abs/2018PhDT........74B},
      adsnote = {Provided by the SAO/NASA Astrophysics Data System}
}

@ARTICLE{2017MNRAS.470.1894K,
       author = {{Korol}, Valeriya and {Rossi}, Elena M. and {Groot}, Paul J. and
         {Nelemans}, Gijs and {Toonen}, Silvia and {Brown}, Anthony G.~A.},
        title = "{Prospects for detection of detached double white dwarf binaries with Gaia, LSST and LISA}",
      journal = {\mnras},
     keywords = {gravitational waves, binaries: close, binaries: eclipsing - white dwarfs, Astrophysics - High Energy Astrophysical Phenomena},
         year = 2017,
        month = sep,
       volume = {470},
       number = {2},
        pages = {1894-1910},
          doi = {10.1093/mnras/stx1285},
archivePrefix = {arXiv},
       eprint = {1703.02555},
 primaryClass = {astro-ph.HE},
       adsurl = {https://ui.adsabs.harvard.edu/abs/2017MNRAS.470.1894K},
      adsnote = {Provided by the SAO/NASA Astrophysics Data System}
}

@INPROCEEDINGS{2008IAUS..246..117S,
       author = {{Schilbach}, Elena and {Kharchenko}, Nina V. and {Piskunov}, Anatoly E. and
         {R{\"o}ser}, Siegfried and {Scholz}, Ralf-Dieter},
        title = "{Tidal Radii and Masses of Galactic Open Clusters}",
     keywords = {open clusters and associations: general, Galaxy: kinematics and dynamics},
    booktitle = {Dynamical Evolution of Dense Stellar Systems},
         year = 2008,
       editor = {{Vesperini}, Enrico and {Giersz}, Mirek and {Sills}, Alison},
       series = {IAU Symposium},
       volume = {246},
        month = may,
        pages = {117-118},
          doi = {10.1017/S1743921308015457},
       adsurl = {https://ui.adsabs.harvard.edu/abs/2008IAUS..246..117S},
      adsnote = {Provided by the SAO/NASA Astrophysics Data System}
}

@ARTICLE{2006AJ....131.1559V,
       author = {{van den Bergh}, Sidney},
        title = "{Diameters of Open Star Clusters}",
      journal = {\aj},
     keywords = {Key word: Galaxy: Open Clusters and Associations: General, Astrophysics},
         year = 2006,
        month = mar,
       volume = {131},
       number = {3},
        pages = {1559-1564},
          doi = {10.1086/499532},
archivePrefix = {arXiv},
       eprint = {astro-ph/0511702},
 primaryClass = {astro-ph},
       adsurl = {https://ui.adsabs.harvard.edu/abs/2006AJ....131.1559V},
      adsnote = {Provided by the SAO/NASA Astrophysics Data System}
}

@ARTICLE{1995MNRAS.275..828M,
       author = {{Marsh}, T.~R. and {Dhillon}, V.~S. and {Duck}, S.~R.},
        title = "{Low-Mass White Dwarfs Need Friends - Five New Double-Degenerate Close Binary Stars}",
      journal = {\mnras},
     keywords = {binaries: close - binaries: spectroscopic - white dwarfs},
         year = 1995,
        month = aug,
       volume = {275},
        pages = {828},
          doi = {10.1093/mnras/275.3.828},
       adsurl = {https://ui.adsabs.harvard.edu/abs/1995MNRAS.275..828M},
      adsnote = {Provided by the SAO/NASA Astrophysics Data System}
}

