@INPROCEEDINGS{2019AAS...23336317P,
       author = {{Polzin}, Ava and {Geller}, Aaron and {Miller}, Adam and
         {Breivik}, Katelyn},
        title = "{Exploring the Eclipsing Binary Yield of the Large Synoptic Survey Telescope}",
    booktitle = {American Astronomical Society Meeting Abstracts \#233},
         year = 2019,
       series = {American Astronomical Society Meeting Abstracts},
       volume = {233},
        month = jan,
          eid = {363.17},
        pages = {363.17},
       adsurl = {https://ui.adsabs.harvard.edu/abs/2019AAS...23336317P},
      adsnote = {Provided by the SAO/NASA Astrophysics Data System}
}

@ARTICLE{2018ApJ...854L...1B,
       author = {{Breivik}, Katelyn and {Kremer}, Kyle and {Bueno}, Michael and
         {Larson}, Shane L. and {Coughlin}, Scott and {Kalogera}, Vassiliki},
        title = "{Characterizing Accreting Double White Dwarf Binaries with the Laser Interferometer Space Antenna and Gaia}",
      journal = {\apjl},
     keywords = {accretion, accretion disks, astrometry, binaries: close, gravitational waves, methods: numerical, white dwarfs, Astrophysics - Solar and Stellar Astrophysics, Astrophysics - High Energy Astrophysical Phenomena, General Relativity and Quantum Cosmology},
         year = 2018,
        month = feb,
       volume = {854},
       number = {1},
          eid = {L1},
        pages = {L1},
          doi = {10.3847/2041-8213/aaaa23},
archivePrefix = {arXiv},
       eprint = {1710.08370},
 primaryClass = {astro-ph.SR},
       adsurl = {https://ui.adsabs.harvard.edu/abs/2018ApJ...854L...1B},
      adsnote = {Provided by the SAO/NASA Astrophysics Data System}
}

@PHDTHESIS{2018PhDT........74B,
       author = {{Breivik}, Katelyn},
        title = "{Simulating Binary Populations in the Milky Way}",
     keywords = {Astrophysics;Physics;Astronomy},
       school = {Northwestern University},
         year = 2018,
        month = jan,
       adsurl = {https://ui.adsabs.harvard.edu/abs/2018PhDT........74B},
      adsnote = {Provided by the SAO/NASA Astrophysics Data System}
}

@ARTICLE{2017MNRAS.470.1894K,
       author = {{Korol}, Valeriya and {Rossi}, Elena M. and {Groot}, Paul J. and
         {Nelemans}, Gijs and {Toonen}, Silvia and {Brown}, Anthony G.~A.},
        title = "{Prospects for detection of detached double white dwarf binaries with Gaia, LSST and LISA}",
      journal = {\mnras},
     keywords = {gravitational waves, binaries: close, binaries: eclipsing - white dwarfs, Astrophysics - High Energy Astrophysical Phenomena},
         year = 2017,
        month = sep,
       volume = {470},
       number = {2},
        pages = {1894-1910},
          doi = {10.1093/mnras/stx1285},
archivePrefix = {arXiv},
       eprint = {1703.02555},
 primaryClass = {astro-ph.HE},
       adsurl = {https://ui.adsabs.harvard.edu/abs/2017MNRAS.470.1894K},
      adsnote = {Provided by the SAO/NASA Astrophysics Data System}
}

@ARTICLE{2017PASP..129f5003W,
       author = {{Wells}, Mark and {Pr{\v{s}}a}, Andrej and {Jones}, Lynne and
         {Yoachim}, Peter},
        title = "{Initial Estimates on the Performance of the LSST on the Detection of Eclipsing Binaries}",
      journal = {\pasp},
     keywords = {Astrophysics - Instrumentation and Methods for Astrophysics, Astrophysics - Solar and Stellar Astrophysics},
         year = 2017,
        month = jun,
       volume = {129},
       number = {976},
        pages = {065003},
          doi = {10.1088/1538-3873/aa682a},
archivePrefix = {arXiv},
       eprint = {1703.06916},
 primaryClass = {astro-ph.IM},
       adsurl = {https://ui.adsabs.harvard.edu/abs/2017PASP..129f5003W},
      adsnote = {Provided by the SAO/NASA Astrophysics Data System}
}

@MISC{2016ascl.soft10007V,
       author = {{VanderPlas}, Jake},
        title = "{gatspy: General tools for Astronomical Time Series in Python}",
     keywords = {Software},
         year = 2016,
        month = oct,
          eid = {ascl:1610.007},
        pages = {ascl:1610.007},
archivePrefix = {ascl},
       eprint = {1610.007},
       adsurl = {https://ui.adsabs.harvard.edu/abs/2016ascl.soft10007V},
      adsnote = {Provided by the SAO/NASA Astrophysics Data System}
}

@INPROCEEDINGS{2016AAS...22811701S,
       author = {{Sandquist}, Eric L. and {Latham}, David W. and {Mathieu}, Robert D. and
         {Vanderburg}, Andrew and {Brown}, Timothy M. and {M67 K2 Team}},
        title = "{Discovery of a Long-Period Eclipsing Binary in M67}",
    booktitle = {American Astronomical Society Meeting Abstracts \#228},
         year = 2016,
       series = {American Astronomical Society Meeting Abstracts},
       volume = {228},
        month = jun,
          eid = {117.01},
        pages = {117.01},
       adsurl = {https://ui.adsabs.harvard.edu/abs/2016AAS...22811701S},
      adsnote = {Provided by the SAO/NASA Astrophysics Data System}
}

@MISC{2016ascl.soft03016M,
       author = {{Maxted}, P.~F.~L.},
        title = "{ellc: Light curve model for eclipsing binary stars and transiting exoplanets}",
     keywords = {Software},
         year = 2016,
        month = mar,
          eid = {ascl:1603.016},
        pages = {ascl:1603.016},
archivePrefix = {ascl},
       eprint = {1603.016},
       adsurl = {https://ui.adsabs.harvard.edu/abs/2016ascl.soft03016M},
      adsnote = {Provided by the SAO/NASA Astrophysics Data System}
}

@ARTICLE{2015ApJ...812...18V,
       author = {{VanderPlas}, Jacob T. and {Ivezi{\'c}}, {\v{Z}}eljko},
        title = "{Periodograms for Multiband Astronomical Time Series}",
      journal = {\apj},
     keywords = {methods: data analysis, methods: statistical, surveys, Astrophysics - Instrumentation and Methods for Astrophysics},
         year = 2015,
        month = oct,
       volume = {812},
       number = {1},
          eid = {18},
        pages = {18},
          doi = {10.1088/0004-637X/812/1/18},
archivePrefix = {arXiv},
       eprint = {1502.01344},
 primaryClass = {astro-ph.IM},
       adsurl = {https://ui.adsabs.harvard.edu/abs/2015ApJ...812...18V},
      adsnote = {Provided by the SAO/NASA Astrophysics Data System}
}

@ARTICLE{2015ApJ...808L..25G,
       author = {{Geller}, Aaron M. and {Leigh}, Nathan W.~C.},
        title = "{Interrupted Stellar Encounters in Star Clusters}",
      journal = {\apjl},
     keywords = {binaries: general, galaxies: star clusters: general, globular clusters: general, methods: numerical, open clusters and associations: general, stars: kinematics and dynamics, Astrophysics - Solar and Stellar Astrophysics},
         year = 2015,
        month = jul,
       volume = {808},
       number = {1},
          eid = {L25},
        pages = {L25},
          doi = {10.1088/2041-8205/808/1/L25},
archivePrefix = {arXiv},
       eprint = {1506.08830},
 primaryClass = {astro-ph.SR},
       adsurl = {https://ui.adsabs.harvard.edu/abs/2015ApJ...808L..25G},
      adsnote = {Provided by the SAO/NASA Astrophysics Data System}
}

@ARTICLE{2013A&A...558A..53K,
       author = {{Kharchenko}, N.~V. and {Piskunov}, A.~E. and {Schilbach}, E. and
         {R{\"o}ser}, S. and {Scholz}, R. -D.},
        title = "{Global survey of star clusters in the Milky Way. II. The catalogue of basic parameters}",
      journal = {\aap},
     keywords = {globular clusters: general, open clusters and associations: general, Galaxy: stellar content, galaxies: photometry, galaxies: fundamental parameters, galaxies: star clusters: general, Astrophysics - Astrophysics of Galaxies},
         year = 2013,
        month = oct,
       volume = {558},
          eid = {A53},
        pages = {A53},
          doi = {10.1051/0004-6361/201322302},
archivePrefix = {arXiv},
       eprint = {1308.5822},
 primaryClass = {astro-ph.GA},
       adsurl = {https://ui.adsabs.harvard.edu/abs/2013A&A...558A..53K},
      adsnote = {Provided by the SAO/NASA Astrophysics Data System}
}

@ARTICLE{2011AJ....142...52P,
       author = {{Pr{\v{s}}a}, Andrej and {Pepper}, Joshua and {Stassun}, Keivan G.},
        title = "{Expected Large Synoptic Survey Telescope (LSST) Yield of Eclipsing Binary Stars}",
      journal = {\aj},
     keywords = {binaries: eclipsing, methods: data analysis, methods: numerical, stars: fundamental parameters, surveys, techniques: photometric, Astrophysics - Solar and Stellar Astrophysics, Astrophysics - Instrumentation and Methods for Astrophysics},
         year = 2011,
        month = aug,
       volume = {142},
       number = {2},
          eid = {52},
        pages = {52},
          doi = {10.1088/0004-6256/142/2/52},
archivePrefix = {arXiv},
       eprint = {1105.6011},
 primaryClass = {astro-ph.SR},
       adsurl = {https://ui.adsabs.harvard.edu/abs/2011AJ....142...52P},
      adsnote = {Provided by the SAO/NASA Astrophysics Data System}
}

@ARTICLE{2008A&A...477..165P,
       author = {{Piskunov}, A.~E. and {Schilbach}, E. and {Kharchenko}, N.~V. and
         {R{\"o}ser}, S. and {Scholz}, R. -D.},
        title = "{Tidal radii and masses of open clusters}",
      journal = {\aap},
     keywords = {Galaxy: open clusters and associations: general, solar neighborhood, Galaxy: stellar content},
         year = 2008,
        month = jan,
       volume = {477},
       number = {1},
        pages = {165-172},
          doi = {10.1051/0004-6361:20078525},
       adsurl = {https://ui.adsabs.harvard.edu/abs/2008A&A...477..165P},
      adsnote = {Provided by the SAO/NASA Astrophysics Data System}
}

@ARTICLE{2006AJ....131.1559V,
       author = {{van den Bergh}, Sidney},
        title = "{Diameters of Open Star Clusters}",
      journal = {\aj},
     keywords = {Key word: Galaxy: Open Clusters and Associations: General, Astrophysics},
         year = 2006,
        month = mar,
       volume = {131},
       number = {3},
        pages = {1559-1564},
          doi = {10.1086/499532},
archivePrefix = {arXiv},
       eprint = {astro-ph/0511702},
 primaryClass = {astro-ph},
       adsurl = {https://ui.adsabs.harvard.edu/abs/2006AJ....131.1559V},
      adsnote = {Provided by the SAO/NASA Astrophysics Data System}
}

@ARTICLE{2004A&A...414..163S,
       author = {{Salaris}, M. and {Weiss}, A. and {Percival}, S.~M.},
        title = "{The age of the oldest Open Clusters}",
      journal = {\aap},
     keywords = {Galaxy: disk, evolution, open clusters and associations: general, stellar content, Astrophysics},
         year = 2004,
        month = jan,
       volume = {414},
        pages = {163-174},
          doi = {10.1051/0004-6361:20031578},
archivePrefix = {arXiv},
       eprint = {astro-ph/0310363},
 primaryClass = {astro-ph},
       adsurl = {https://ui.adsabs.harvard.edu/abs/2004A&A...414..163S},
      adsnote = {Provided by the SAO/NASA Astrophysics Data System}
}

@ARTICLE{2003PASP..115..272V,
       author = {{von Braun}, Kaspar},
        title = "{A Search for Eclipsing Binaries in Galactic Globular Clusters}",
      journal = {\pasp},
     keywords = {Stars: Binaries: Eclipsing, Stars: Blue Stragglers, Dissertation Summaries, ISM: Dust, Extinction, Galaxy: Globular Clusters: Individual: NGC Number: NGC 3201, Galaxy: Globular Clusters: Individual: Messier Number: M10, Galaxy: Globular Clusters: Individual: Messier Number: M12, Astrophysics},
         year = 2003,
        month = feb,
       volume = {115},
       number = {804},
        pages = {272-272},
          doi = {10.1086/346194},
archivePrefix = {arXiv},
       eprint = {astro-ph/0301426},
 primaryClass = {astro-ph},
       adsurl = {https://ui.adsabs.harvard.edu/abs/2003PASP..115..272V},
      adsnote = {Provided by the SAO/NASA Astrophysics Data System}
}

@ARTICLE{1996AJ....112.1487H,
       author = {{Harris}, William E.},
        title = "{A Catalog of Parameters for Globular Clusters in the Milky Way}",
      journal = {\aj},
     keywords = {GLOBULAR CLUSTERS: GENERAL, CATALOGS},
         year = 1996,
        month = oct,
       volume = {112},
        pages = {1487},
          doi = {10.1086/118116},
       adsurl = {https://ui.adsabs.harvard.edu/abs/1996AJ....112.1487H},
      adsnote = {Provided by the SAO/NASA Astrophysics Data System}
}

@ARTICLE{1995MNRAS.275..828M,
       author = {{Marsh}, T.~R. and {Dhillon}, V.~S. and {Duck}, S.~R.},
        title = "{Low-Mass White Dwarfs Need Friends - Five New Double-Degenerate Close Binary Stars}",
      journal = {\mnras},
     keywords = {binaries: close - binaries: spectroscopic - white dwarfs},
         year = 1995,
        month = aug,
       volume = {275},
        pages = {828},
          doi = {10.1093/mnras/275.3.828},
       adsurl = {https://ui.adsabs.harvard.edu/abs/1995MNRAS.275..828M},
      adsnote = {Provided by the SAO/NASA Astrophysics Data System}
}

@ARTICLE{1993MNRAS.262..545K,
       author = {{Kroupa}, Pavel and {Tout}, Christopher A. and {Gilmore}, Gerard},
        title = "{The Distribution of Low-Mass Stars in the Galactic Disc}",
      journal = {\mnras},
     keywords = {Binary Stars, Galactic Nuclei, Milky Way Galaxy, Star Distribution, Stellar Mass, Color-Magnitude Diagram, Main Sequence Stars, Mass To Light Ratios, Metallicity, Solar Neighborhood, Stellar Evolution, Stellar Luminosity, Astrophysics},
         year = 1993,
        month = jun,
       volume = {262},
        pages = {545-587},
          doi = {10.1093/mnras/262.3.545},
       adsurl = {https://ui.adsabs.harvard.edu/abs/1993MNRAS.262..545K},
      adsnote = {Provided by the SAO/NASA Astrophysics Data System}
}

@ARTICLE{1911MNRAS..71..460P,
       author = {{Plummer}, H.~C.},
        title = "{On the problem of distribution in globular star clusters}",
      journal = {\mnras},
         year = 1911,
        month = mar,
       volume = {71},
        pages = {460-470},
          doi = {10.1093/mnras/71.5.460},
       adsurl = {https://ui.adsabs.harvard.edu/abs/1911MNRAS..71..460P},
      adsnote = {Provided by the SAO/NASA Astrophysics Data System}
}

